@Book{hottbook,
  author =    {The {Univalent Foundations Program}},
  title =     {Homotopy Type Theory: Univalent Foundations of Mathematics},
  publisher = {\url{https://homotopytypetheory.org/book}},
  address =   {Institute for Advanced Study},
  year =      2013} 

@misc{git-inconsistent,
  author = {Russell O’Connor},
  title = {Git is Inconsistent},
  howpublished = {\url{http://r6.ca/blog/20110416T204742Z.html}},
  year = 2011,
  month = 04,
  day = 16}

@misc{Rijke2019,
  author = {Rijke, Egbert},
  title = {{Introduction To Homotopy Type Theory}},
  year = {2019},
  howpublished = {Lecture Notes: \url{https://hott.github.io/HoTT-2019/images/hott-intro-rijke.pdf}}
}

@article{Rijke2012,
  author = {Rijke, Egbert},
  title = {{Homotopy Type Theory}},
  year = {2012},
  howpublished = {Master Thesis},
  url = {\url{https://hottheory.files.wordpress.com/2012/08/hott2.pdf}}
}

@article{Angiuli2016,
author = {Angiuli, Carlo and Morehouse, Edward and Licata, Daniel R. and Harper, Robert},
doi = {10.1017/S0956796816000198},
isbn = {9781450328739},
issn = {14697653},
journal = {Journal of Functional Programming},
title = {{Homotopical patch theory}},
volume = {26},
year = {2016}
}

@article{Lynagh2006,
abstract = {In this paper we give an overview of how Darcs, a revision control system, works. In particular we focus on its “algebra of patches” which dictates its behaviour. We describe an unsolved problem, conflicting patches, and go into detail on an appealing avenue of investigation which has thus far not been successful.},
author = {Lynagh, Ian},
mendeley-groups = {HoTT},
title = {{An algebra of patches}},
url = {http://urchin.earth.li/~ian/conflictors/paper-2006-10-30.pdf},
year = {2006}
}

@article{Gylterud2016,
archivePrefix = {arXiv},
arxivId = {1610.08027},
author = {Gylterud, H{\aa}kon Robbestad},
doi = {10.1017/S0305004119000045},
eprint = {1610.08027},
mendeley-groups = {HoTT},
pages = {1--23},
title = {{Multisets in Type Theory}},
url = {http://arxiv.org/abs/1610.08027%0Ahttp://dx.doi.org/10.1017/S0305004119000045},
year = {2016}
}

@article{jacobson2009formalization,
  title={A formalization of darcs patch theory using inverse semigroups},
  author={Jacobson, Judah},
  year = {2009},
  url = {ftp://ftp.math.ucla.edu/pub/camreport/cam09-83.pdf}
}

@article{Sittampalam2005,
  title={Some properties of Darcs patch theory},
  author={Sittampalam, Ganesh},
  year = {2005},
  url = {http://urchin.earth.li/darcs/ganesh/darcs-patch-theory/theory/formal.pdf}
}

@article{Categorical2013,
  author    = {Samuel Mimram and
               Cinzia Di Giusto},
  title     = {A Categorical Theory of Patches},
  journal   = {CoRR},
  volume    = {abs/1311.3903},
  year      = {2013},
  url       = {http://arxiv.org/abs/1311.3903},
  archivePrefix = {arXiv},
  eprint    = {1311.3903},
  timestamp = {Mon, 13 Aug 2018 16:48:14 +0200},
  biburl    = {https://dblp.org/rec/journals/corr/MimramG13.bib},
  bibsource = {dblp computer science bibliography, https://dblp.org}
}

@article{kraus2019path,
      title={Path Spaces of Higher Inductive Types in Homotopy Type Theory}, 
      author={Nicolai Kraus and Jakob von Raumer},
      year={2019},
      eprint={1901.06022},
      archivePrefix={arXiv},
      primaryClass={math.LO}
}

@masterthesis{Dagit2009,
    author = {Jason, Dagit},
    institution = {Oregon State University},
    title = {Type-correct changes — a safe approach to version control implementation},
    year = 2009,
    url = {https://ir.library.oregonstate.edu/concern/graduate_thesis_or_dissertations/47429f27z}
}

@blog{editing2014,
  author = {Houston, Robin},
  title = {Revisiting "On Editing Text"},
  year = 2014,
  url = {https://bosker.wordpress.com/2014/06/19/revisiting-on-editing-text/}
}

@misc{Pijul,
year = {2021},
url = {https://pijul.org/}
}

@misc{Darcs,
year = {2021},
url = {http://darcs.net/}
}

@misc{Agda,
year = {2021},
url = {https://wiki.portal.chalmers.se/agda/pmwiki.php}
}

@article{ML72,
  title={An intuitionistic theory of types},
  author={MARTIN-L{\"O}F, Per},
  year={1972},
  publisher={Univ. of Stockholm}
}
@incollection{ML75,
  title={An intuitionistic theory of types: Predicative part},
  author={Martin-L{\"o}f, Per},
  booktitle={Studies in Logic and the Foundations of Mathematics},
  volume={80},
  pages={73--118},
  year={1975},
  publisher={Elsevier}
}
